% Encoding: UTF-8
%
%  An example of a bibliographical database for bibTeX
%
%  Recommended software for maintenance of *.bib files:
%    JabRef, http://jabref.sourceforge.net/
%
%  BEWARE:
%
%    *  If a name contains a capital letter, which must be kept such,
%       use curly brackets ({T}hailand, {HIV}).
%
%  ===========================================================================

@article{Rowhammer,
  author = {Kim, Yoongu and Daly, Ross and Kim, Jeremie and Fallin, Chris and Lee, Ji Hye and Lee, Donghyuk and Wilkerson, Chris and Lai, Konrad and Mutlu, Onur},
  title = {Flipping Bits in Memory without Accessing Them: An Experimental Study of DRAM Disturbance Errors},
  year = {2014},
  issue_date = {June 2014},
  publisher = {Association for Computing Machinery},
  address = {New York, NY, USA},
  volume = {42},
  number = {3},
  issn = {0163-5964},
  url = {https://doi.org/10.1145/2678373.2665726},
  doi = {10.1145/2678373.2665726},
  journal = {SIGARCH Comput. Archit. News},
  month = jun,
  pages = {361–372},
  numpages = {12}
}

@misc{CRIUatGoogle,
  title={{T}ask {M}igration at {S}cale {U}sing {CRIU}},
  howpublished={Available at \url{https://linuxplumbersconf.org/event/2/contributions/69/} as of 2020-05-24},
  journal={Linux Plumbers Conference},
  publisher={Google},
  author={Marmol, Victor and Tucker, Andy},
  year={2018},
  month={Nov},
}


@misc{SocketActivationBlog1,
  title={Socket {A}ctivation {I}},
  howpublished={Available at \url{http://0pointer.de/blog/projects/socket-activation.html} as of 2020-05-24},
  author={Poettering, Lennart},
  year={2011},
  month={May}
}

@misc{SocketActivationBlog2,
  title={Socket {A}ctivation {II}},
  howpublished={Available at \url{http://0pointer.de/blog/projects/socket-activation2.html} as of 2020-05-24},
  author={Poettering, Lennart},
  year={2011},
  month={Jul}
}

@misc{CZNICInfra,
  title={{CZ.NIC} - {R}egistry {S}ystem},
  howpublished={Available at \url{https://www.nic.cz/page/350/registry-system/} as of 2020-05-25},
  author={CZ.NIC, z. s. p. o.}
}

@misc{GartnerDowntime,
  title={{T}he {C}ost of {D}owntime},
  howpublished={Available at \url{https://blogs.gartner.com/andrew-lerner/2014/07/16/the-cost-of-downtime/} as of 2020-05-25},
  author={Lerner, Andrew},
  year={2014},
  month={Jul}
}

@misc{SOSignal,
  title={{SIGHUP} for reloading configuration},
  howpublished={Available at \url{https://stackoverflow.com/questions/19052354/sighup-for-reloading-configuration} as of 2020-05-25},
  year={2013},
  month={Sep}
}

@techreport{TheSleepingBarber,
author = {Dijkstra, Edsger Wybe},
title = {Cooperating Sequential Processes, Technical Report EWD-123},
year = {1965}
}

@misc{CRIUPatches,
  title={{\sc {CRIU}}: {U}pstream kernel commits},
  howpublished = {Available at \url{https://criu.org/Upstream_kernel_commits} as of 2020-05-25},
}

@misc{libpulp,
  title={libpulp},
  author={SUSE Software Solutions Germany GmbH},
  howpublished={Available at \url{https://github.com/SUSE/libpulp} as of 2020-05-25},
}

@misc{CRIU,
  title={{CRIU}},
  howpublished={Available at \url{https://criu.org/Main_Page} as of 2020-05-25},
}

@misc{nginx,
  title={{nginx}},
  howpublished={Available at \url{https://nginx.org/} as of 2020-05-25},
}


@misc{SocketActivationSystemd,
  title={{\sc Systemd 245}: systemd.socket(5) systemd manual},
  year = {2020},
  month={Mar}
}

@misc{SdNotify,
  title={{\sc Systemd 245}: sd\_notify(3) systemd manual},
  year={2020},
  month={Mar}
}

@misc{SdListenFDs,
  title={{\sc Systemd 245}: sd\_listen\_fds(3) systemd manual},
  year={2020},
  month={Mar}
}

@misc{SdDaemon,
  title={{\sc Systemd 245}: sd-daemon(3) systemd manual},
  year={2020},
  month={Mar}
}

@misc{ManSystemdUnit,
  title={{\sc Systemd 245}: systemd.unit(5) systemd manual},
  year={2020},
  month={Mar}
}

@misc{Clone,
  title={{\sc Linux 5.6}: clone(2) {L}inux {P}rogrammer's {M}anual},
  year={2019},
  month={Nov}
}

@misc{Signal,
  title={{\sc Linux 5.6}: signal(7) {L}inux {P}rogrammer's {M}anual},
  year={2020},
  month={Apr}
}

@misc{Accept,
  title={{\sc Linux 5.6}: accept(2) {L}inux {P}rogrammer's {M}anual},
  year={2020},
  month={Apr}
}

@misc{GlibcStart,
  title={{\sc Glibc 2.31}: csu/libc-start.c at commit \Verb%109474122400ca7%},
  howpublished={Available online at \url{https://github.com/bminor/glibc/blob/109474122400ca7d60782b131dc867a5c1f2fe55/csu/libc-start.c#L264} as of 2020-05-25},
  year={2020},
  month={May}
}

@misc{Execve,
  title={{\sc Linux 5.6}: execve(2) {L}inux {P}rogrammer's {M}anual},
  year={2020},
  month={Apr}
}

@misc{ManCgroups,
  title={{\sc Linux 5.6}: cgroups(7) {L}inux {P}rogrammer's {M}anual},
  year={2020},
  month={Apr}
}

@misc{PidFDGetFD,
  title={{\sc Linux 5.6}: pidfd\_getfd(2) {L}inux {P}rogrammer's {M}anual},
  year={2020},
  month={Mar}
}

@misc{UnixSocket,
  title={{\sc Linux 5.6}: unix(7) {L}inux {P}rogrammer's {M}anual},
  year={2020},
  month={Feb}
}


@misc{NginxUpgradeDocs,
  title={Controlling nginx},
  howpublished={Available at \url{https://nginx.org/en/docs/control.html} as of 2020-05-18},
  journal={Nginx documentation},
  publisher={Nginx},
}

@misc{LibpulpTalk,
  title={libpulp: we patched user-space livepatching},
  howpublished={Available at \url{https://www.youtube.com/watch?v=KK776qOajWk} as of 2020-05-18},
  journal={SUSE Labs Conference 2018},
  publisher={SUSE},
  author={Moreira, João},
  year={2018},
  month={Sep}
}

@misc{SystemdUnit,
  title={{\sc Systemd 245}: /src/core/unit.h at commit \Verb"2d4f8cf467"},
  howpublished={Available at \url{https://github.com/systemd/systemd/blob/2d4f8cf467b6825c91276808250823a29ab461fe/src/core/unit.h#L110} as of 2020-05-26},
}

@misc{SystemdService,
  title={{\sc Systemd 245}: /src/core/service.h at commit \Verb"2d4f8cf467"},
  howpublished={Available at \url{https://github.com/systemd/systemd/blob/2d4f8cf467b6825c91276808250823a29ab461fe/src/core/service.h#L88} as of 2020-05-26},
}

@misc{SystemdUnitVTable,
  title={{\sc Systemd 245}: /src/core/unit.h at commit \Verb"2d4f8cf467"},
  howpublished={Available at \url{https://github.com/systemd/systemd/blob/2d4f8cf467b6825c91276808250823a29ab461fe/src/core/unit.h#L418} as of 2020-05-26},
}


@misc{SystemdServiceState,
  title={{\sc Systemd 245}: /src/basic/unit-def.h at commit \Verb"2d4f8cf467"},
  howpublished={Available at \url{https://github.com/systemd/systemd/blob/2d4f8cf467b6825c91276808250823a29ab461fe/src/basic/unit-def.h#L116} as of 2020-05-26},
}

@misc{SystemdCgroups,
  title={systemd: {C}ontrol {G}roup {API}s and {D}elegation},
  howpublished={Available at \url{https://systemd.io/CGROUP_DELEGATION/} as of 2020-05-26},
  year={2020},
  month={Apr},
}

@misc{FDTableSO,
  title={What are file descriptors, explained in simple terms?},
  howpublished={Available at \url{https://stackoverflow.com/questions/5256599/what-are-file-descriptors-explained-in-simple-terms} as of 2020-05-27},
  year={2013},
  month={Apr}
}

@misc{RMBT,
  title={{RTR} {M}ultithreaded {B}roadband {T}est ({RMBT}): {S}pecification},
  author={Sölder, Christoph and Wimmer, Leonhard and Zlabinger, Dietmar and Latzenhofer, Ulrich and Prinzl, Ursula and Sandner, Philipp and Budryk, Lukasz and Liener, Ulrich and Schreiber, Thomas},
  howpublished={Available at \url{https://www.netztest.at/doc/} as of 2020-05-29},
  year={2017},
  month={Jun}
}

@misc{SystemdZeroDowntime,
  title={{\sc Systemd}: RFE: Zero downtime restarts for services},
  howpublished={Available at \url{https://github.com/systemd/systemd/issues/10228} as of 2020-05-29},
  year={2018},
  month={Oct}
}

@misc{SystemdZeroDowntime2,
  title={{\sc Systemd}: Support {START}\_{NEW}=1 for graceful new-binary server handover},
  howpublished={Available at \url{https://github.com/systemd/systemd/issues/12788} as of 2020-05-29},
  year={2019},
  month={Jun}
}



